@book{Troelstra96,
author = {Troelstra, A. S. and Schwichtenberg, H.},
title = {Basic Proof Theory},
year = {1996},
isbn = {0521572231},
publisher = {Cambridge University Press},
address = {USA}
}

@book{Chlipala13,
author = {Chlipala, Adam},
title = {Certified Programming with Dependent Types: A Pragmatic Introduction to the Coq Proof Assistant},
year = {2013},
isbn = {0262026651},
publisher = {The MIT Press} }

@book{Negri2001,
place={Cambridge},
title={Structural Proof Theory},
DOI={10.1017/CBO9780511527340},
publisher={Cambridge University Press},
author={Negri, Sara and von Plato, Jan and Ranta, Aarne},
year={2001}}

@INPROCEEDINGS{Augustsson99anexercise,
    author = {Lennart Augustsson and Magnus Carlsson},
    title = {An exercise in dependent types: A well-typed interpreter},
    booktitle = {In Workshop on Dependent Types in Programming, Gothenburg},
    year = {1999}
}

@misc{Sasdelli20,
  author = {Felipe Sasdelli and Maycon Amaro and Rodrigo Ribeiro},
  title = {A Semantical Proof of Consistency for Minimal Propositional Logic in Coq},
  year = {2020},
  publisher = {GitHub},
  journal = {GitHub repository},
  howpublished = {\url{https://github.com/rodrigogribeiro/consistency-coq}},
}

@book{smullyan1995first,
  title={First-order Logic},
  author={Smullyan, R.M.},
  isbn={9780486683706},
  lccn={lc94039736},
  series={Dover books on advanced mathematics},
  url={https://books.google.com.br/books?id=kgvhQ-oSZiUC},
  year={1995},
  publisher={Dover}
}

